2256 3240
1011 222 215 56 20
1083 222 107 56 —

521 339 384 56 267
822 339 411 56 Ramasseuses
1151 339 164 56 de
1233 339 219 56 bois
1370 339 274 56 (Étude
1535 339 301 56 d’hiver).

736 414 335 51 Aquarelle.

509 481 344 54 268
780 481 246 54 Retour
952 481 148 54 de
1026 481 295 54 l’herbe.
1222 481 197 54 Étude.

515 552 336 55 269
779 552 288 55 Azalées.
971 552 288 55 Aquarelle.

335 750 489 59 CHÉRÉMÉTEW,
727 750 359 59 Basile,
988 750 196 59 né
1086 750 163 59 à
1151 750 359 59 Moscou.
1412 750 163 59 —
1477 750 228 59 71,
1608 750 228 59 rue
1706 750 130 59 de

397 850 158 55 la
449 850 369 55 Faisanderie.

516 922 337 55 270
781 922 241 55 Soirée
949 922 265 55 d’hiver
1142 922 145 55 en
1190 922 217 55 Russie.

332 1106 344 54 CHEVALIER,
603 1106 393 54 Ernest-Jean,
923 1106 148 54 né
996 1106 123 54 à
1045 1106 148 54 La
1119 1106 320 54 Rochelle.
1365 1106 123 54 —
1414 1106 172 54 55,
1488 1106 123 54 rue

395 1177 395 55 Rennequin,
677 1177 226 55 Paris.

516 1274 342 56 271
784 1274 147 56 Le
858 1274 244 56 Calme.
1004 1274 220 56 Marine.

505 1340 376 62 *272
806 1340 150 62 Le
881 1340 201 62 port
1006 1340 150 62 de
1081 1340 150 62 la
1157 1340 301 62 Chambre,
1357 1340 326 62 Ile

512 1414 368 57 *273
806 1414 147 57 La
879 1414 196 57 Baie
1002 1414 147 57 de
1075 1414 270 57 Bréhat.
1247 1414 221 57 Marine.

577 1486 349 60 *274
856 1486 210 60 Etude
996 1486 186 60 dans
1112 1486 140 60 le
1182 1486 186 60 port
1298 1486 140 60 de
1368 1486 140 60 la
1415 1486 256 60 Rochelle.

508 1554 372 58 *275
806 1554 149 58 Le
880 1554 223 58 Phare
1029 1554 149 58 du
1104 1554 199 58 Paon
1203 1554 273 58 (Bréhat).

508 1621 369 67 *276
804 1621 246 67 Quatre
976 1621 246 67 études
1148 1621 197 67 dans
1246 1621 197 67 Paris.

515 1684 336 70 *277
783 1684 157 70 Les
850 1684 269 70 Patineurs.

515 1759 358 72 *278
801 1759 167 72 Mer
897 1759 215 72 basse
1040 1759 119 72 à
1063 1759 215 72 Fouras.

522 1835 322 65 279
775 1835 138 65 Au
844 1835 253 65 soleil.
1004 1835 184 65 Etude.

531 1911 340 61 280
798 1911 218 61 Etude
943 1911 121 61 à
992 1911 146 61 la
1040 1911 340 61 Grande

344 2102 489 54 CHEVALLIER,
736 2102 326 54 Henri,
964 2102 196 54 né
1062 2102 163 54 à
1127 2102 294 54 Lyon.
1290 2102 98 54 —

1377 2103 189 55 35,
1485 2103 189 55 rue
1593 2103 162 55 de
1647 2103 189 55 l’En-

399 2174 263 56 fance,
557 2174 210 56 Paris.

526 2273 348 57 281
800 2273 299 57 Bergerie
1024 2273 124 57 à
1074 2273 149 57 la
1148 2273 523 57 Grande-Chartreuse
1571 2273 249 57 (Isère).

514 2345 347 53 282
787 2345 273 53 Paysage
985 2345 149 53 de
1060 2345 322 53 Rossillon
1283 2345 198 53 (Ain).

347 2529 464 56 CHEVALLIER,
718 2529 495 56 Léon-Pierre,
1120 2529 186 56 né
1213 2529 155 56 à
1275 2529 278 56 Sablé
1430 2529 340 56 (Sarthe).

416 2599 215 60 143,
551 2599 269 60 avenue
739 2599 161 60 de
819 2599 323 60 Neuilly,
1034 2599 538 60 Neuilly

532 2698 321 60 283
784 2698 275 60 Portrait
991 2698 138 60 de
1060 2698 183 60 Mlle
1151 2698 115 60 X..
