2304 3228
1020 335 134 62 —
1074 335 161 62 24
1128 335 81 62 —

348 457 392 54 DEGUERNE,
650 457 302 54 Louis,
861 457 181 54 né
951 457 151 54 à
1012 457 332 54 Fleuré,
1253 457 211 54 par
1374 457 332 54 Écouché
1585 457 272 54 (Orne).

473 527 210 54 32,
593 527 210 54 rue
713 527 180 54 de
802 527 180 54 la
892 527 389 54 Fontaine,
1191 527 389 54 Cherbourg
1491 527 180 54 et
1581 527 150 54 à
1611 527 239 54 Fleuré

415 596 202 58 par
531 596 318 58 Écouché
733 596 260 58 (Orne).

530 696 375 56 *338
830 696 150 56 Le
905 696 200 56 fort
1030 696 150 56 du
1105 696 225 56 Roule
1254 696 200 56 dans
1379 696 150 56 la
1454 696 250 56 brume,
1629 696 225 56 effet
1754 696 100 56 de

801 768 274 56 matin,
993 768 192 56 fin
1075 768 329 56 d’automne.

360 956 386 54 DELACOUR,
657 956 415 54 Hippolyte,
983 956 178 54 né
1072 956 148 54 à
1132 956 297 54 Paris.
1340 956 148 54 —
1369 956 475 54 Villeneuve-

432 1027 295 57 Garenne
620 1027 268 57 (Seine).

530 1121 378 61 *339
832 1121 151 61 Le
908 1121 404 61 Vaux-Fleuri,
1236 1121 126 61 à
1287 1121 328 61 Granville
1514 1121 277 61 (Manche).

527 1201 425 62 *340
867 1201 142 62 A
924 1201 255 62 Marée
1094 1201 255 62 basse
1264 1201 227 62 dans
1405 1201 454 62 l’avant-port
1746 1201 113 62 de

787 1280 362 58 Granville
1038 1280 306 58 (Manche).

542 1358 365 60 *341
834 1358 146 60 Le
907 1358 195 60 fort
1028 1358 146 60 de
1101 1358 146 60 la
1174 1358 219 60 place
1321 1358 316 60 Pléville,
1564 1358 170 60 sur
1661 1358 146 60 le
1710 1358 146 60 port

796 1434 158 60 de
848 1434 316 60 Granville.

532 1513 378 62 *342
834 1513 151 62 La
910 1513 277 62 Falaise
1111 1513 151 62 du
1187 1513 328 62 Fourneau,
1439 1513 202 62 près
1540 1513 302 62 Saint

785 1592 304 60 (Manche).

544 1668 366 62 343
831 1668 157 62 La
910 1668 183 62 rue
1014 1668 157 62 de
1093 1668 261 62 Paris,
1276 1668 131 62 à
1328 1668 340 62 Granville
1563 1668 288 62 (Manche).

537 1742 367 67 *344
830 1742 122 67 A
879 1742 441 67 Saint-Nicolas,
1247 1742 196 67 près
1369 1742 318 67 Granville
1590 1742 269 67 (Manche).

538 1825 372 62 *345
836 1825 248 62 Navire
1010 1825 149 62 en
1084 1825 422 62 construction,
1432 1825 124 62 à
1457 1825 397 62 Villeneuve-

804 1899 294 64 Garenne
992 1899 268 64 (Seine).

539 1978 370 62 *346
835 1978 222 62 Brick
984 1978 173 62 sur
1082 1978 148 62 la
1156 1978 247 62 Loire,
1329 1978 197 62 dans
1428 1978 222 62 Nantes.

541 2058 385 64 347
844 2058 330 64 Falaises
1092 2058 165 64 de
1174 2058 358 64 Donville,
1449 2058 220 64 près
1559 2058 303 64 Granville

777 2136 285 60 (Manche)

364 2325 173 61 DE
451 2325 316 61 LAUNAY,
681 2325 345 61 Auguste,
940 2325 173 61 né
1026 2325 144 61 à
1083 2325 288 61 Paris.
1285 2325 144 61 —
1342 2325 201 61 70,
1457 2325 201 61 rue
1544 2325 316 61 Daguerre.

545 2426 354 62 348
823 2426 227 62 Plage
949 2426 278 62 normande.

358 2624 430 56 DELAURIER,
696 2624 614 56 Albert-Melchior,
1218 2624 184 56 né
1310 2624 153 56 à
1340 2624 522 56 Gournay

442 2695 606 57 (Seine-Inférieure).
968 2695 132 57 —
1021 2695 342 57 Chevagnes
1258 2695 290 57 (Allier).

540 2790 336 63 349
804 2790 216 63 Avant
948 2790 144 63 la
996 2790 264 63 Fantasia.
