2260 3268
1076 374 136 60 27

393 494 333 54 DUFFAU,
635 494 333 54 Pierre,
877 494 181 54 né
967 494 151 54 à
1028 494 696 54 Villeneuve-sur-Lot.
1633 494 151 54 —
1663 494 242 54 Castel

468 565 288 55 Farèse,
651 565 551 55 Villeneuve

587 676 295 54 381
797 676 232 54 Portrait.

594 746 327 56 382
850 746 233 56 Buveur
1014 746 140 56 de
1060 746 187 56 bière.

393 946 315 55 DUFOUR,
623 946 287 55 Eljis,
823 946 172 55 né
909 946 143 55 à
967 946 545 55 Mussy-sur-Seine
1397 946 258 55 (Aube).

591 1047 379 54 383
889 1047 298 54 Taureau
1105 1047 298 54 furieux
1322 1047 217 54 dans
1457 1047 189 54 les
1565 1047 325 54 prairies
1782 1047 108 54 du

856 1110 264 57 Perche
1014 1110 237 57 (Orne).

593 1188 384 55 384
894 1188 164 55 Le
976 1188 247 55 soir,
1141 1188 274 55 départ
1333 1188 164 55 du
1415 1188 329 55 troupeau
1634 1188 274 55 (vaches)

860 1255 296 54 prairies
1082 1255 148 54 du
1132 1255 197 54 Berri.

583 1329 388 54 385
888 1329 277 54 Vaches
1082 1329 222 54 dans
1221 1329 166 54 la
1304 1329 305 54 prairie
1526 1329 166 54 du
1609 1329 277 54 Moulin
1775 1329 139 54 des

844 1397 227 53 Filles
981 1397 227 53 (Berri).

596 1469 376 61 386
891 1469 322 61 Troupeau
1133 1469 161 61 de
1213 1469 268 61 vaches
1401 1469 376 61 traversant
1670 1469 242 61 l’étang

846 1538 157 55 de
924 1538 365 55 Villeneuve
1185 1538 261 55 (Berri).

589 1607 370 62 387
879 1607 159 62 La
959 1607 291 62 Bergère
1170 1607 159 62 de
1250 1607 159 62 la
1329 1607 238 62 ferme
1488 1607 185 62 des
1567 1607 344 62 Ménardières

823 1678 302 54 (Sologne)

595 1750 356 57 388
874 1750 254 57 Pacage
1052 1750 153 57 de
1129 1750 280 57 Sologne
1332 1750 153 57 au
1409 1750 280 57 coucher
1612 1750 153 57 du
1663 1750 229 57 soleil.

603 1822 329 55 389
862 1822 165 55 Les
956 1822 188 55 feux
1074 1822 282 55 follets.
1262 1822 282 55 (Béranger.

1106 1974 129 46 Un
1170 1974 193 46 soir,
1299 1974 215 46 javais
1449 1974 193 46 douze
1578 1974 150 46 ans
1664 1974 107 46 à
1685 1974 172 46 peine,

1112 2031 218 45 Egaré,
1265 2031 239 45 couvert
1439 2031 131 45 de
1482 2031 174 45 sueur,

1119 2088 125 43 Je
1182 2088 166 43 vois
1285 2088 125 43 de
1348 2088 166 43 loin
1451 2088 187 43 cette
1555 2088 166 43 lueur.

1127 2142 199 46 C’est
1260 2142 133 46 la
1326 2142 199 46 lampe
1458 2142 133 46 de
1525 2142 133 46 ma
1569 2142 221 46 marraine

1123 2202 175 43 Chez
1232 2202 175 43 elle
1342 2202 131 43 un
1407 2202 219 43 gâteau
1539 2202 284 43 m’attendant

1129 2257 121 44 Je
1189 2257 201 44 cours,
1330 2257 121 44 je
1391 2257 201 44 cours,
1531 2257 181 44 l’âme
1632 2257 141 44 ravie

1128 2312 136 46 Un
1196 2312 226 46 berger
1354 2312 136 46 me
1422 2312 181 46 crie
1512 2312 249 46 imprudent

1128 2369 126 44 La
1191 2369 231 44 lumière
1359 2369 147 44 par
1443 2369 147 44 toi
1506 2369 168 44 suivie

1127 2427 226 42 Eclaire
1292 2427 123 42 un
1354 2427 144 42 bal
1436 2427 123 42 de
1477 2427 247 42 trépassés.

1124 2484 197 43 Ainsi
1256 2484 219 43 devait
1409 2484 219 43 s’user
1563 2484 132 43 ma
1606 2484 110 43 vie

1130 2541 229 46 Follets
1297 2541 229 46 dansez,
1463 2541 229 46 dansez,
1609 2541 187 46 dansez.

592 2701 369 57 390
882 2701 317 57 Troupeau
1119 2701 158 57 de
1199 2701 290 57 moutons
1410 2701 317 57 rentrant
1647 2701 132 57 à
1700 2701 158 57 la
1753 2701 158 57 Ber-

864 2773 266 54 gerie.
1051 2773 266 54 Dessin
1237 2773 133 54 à
1290 2773 160 54 la
1343 2773 213 54 plume.

592 2846 359 56 391
875 2846 282 56 Moutons
1080 2846 282 56 égarés.
1285 2846 257 56 Dessin
1465 2846 128 56 à
1516 2846 154 56 la
1568 2846 205 56 plume.
