2212 3232
1037 244 136 58 —
1091 244 190 58 35.
1173 244 81 58 —

409 366 292 56 GODIN,
613 366 262 56 Remi,
788 366 175 56 né
875 366 146 56 à
934 366 262 56 Reims
1109 366 350 56 (Marne).
1371 366 146 56 —
1429 366 175 56 6,
1517 366 262 56 villa
1663 366 233 56 Petit,

436 438 320 53 Nanterre.

591 535 365 55 535
878 535 339 55 Carrières
1139 535 157 55 de
1217 535 313 55 Nanterre
1452 535 157 55 et
1531 535 183 55 des
1609 535 287 55 environs-

595 607 344 57 536
865 607 196 57 Dans
988 607 172 57 les
1086 607 319 57 carrières
1332 607 123 57 à
1356 607 270 57 Nanterre.

409 759 430 55 GONDREXON,
747 759 276 55 Paul,
931 759 184 55 né
1023 759 153 55 à
1084 759 491 55 Charleville.
1483 759 153 55 —
1545 759 215 55 10,
1668 759 215 55 rue
1760 759 153 55 des

443 831 243 55 Ecoles.

592 932 324 50 537
847 932 139 50 Un
893 932 255 50 Accident.

579 997 352 56 *538
860 997 141 56 Un
907 997 211 56 Limeur.

580 1060 375 59 *539
880 1060 300 59 Premiers
1104 1060 275 59 Rayons.
1279 1060 250 59 Paysage.

580 1131 345 57 *540
856 1131 299 57 Solitude.
1063 1131 230 57 Paysage.

575 1199 357 63 *541
861 1199 214 63 Matin
1004 1199 143 63 de
1076 1199 214 63 juin.
1195 1199 238 63 Paysage.

566 1270 368 61 *542
860 1270 196 61 Sous
982 1270 221 61 Bois.
1105 1270 221 61 Paysage

581 1340 355 64 *543
865 1340 189 64 Sous
983 1340 213 64 Bois.
1102 1340 236 64 Paysage.

397 1504 345 55 GORLIN,
648 1504 345 55 Eugène,
899 1504 188 55 né
993 1504 157 55 à
1056 1504 377 55 Clermont
1339 1504 345 55 (Oise).
1590 1504 157 55 —
1653 1504 220 55 32,
1747 1504 157 55 rue

461 1576 196 55 des
573 1576 589 55 Francs-Bourgeois,
1050 1576 224 55 Paris.

577 1672 368 58 544
866 1672 184 58 Vue
971 1672 158 58 du
1024 1672 368 58 Puy

583 1744 352 58 545
860 1744 176 58 Vue
960 1744 176 58 des
1061 1744 252 58 ruines
1237 1744 151 58 de
1288 1744 352 58 Pierrefonds.

396 1910 353 57 GOUBOT,
652 1910 353 57 Claude,
909 1910 192 57 né
1005 1910 160 57 à
1069 1910 321 57 Paris.
1262 1910 96 57 —

1349 1910 178 60 6,
1438 1910 208 60 rue
1557 1910 178 60 de
1616 1910 267 60 Latour

432 1981 369 55 d’Auvergne.

565 2080 384 58 *546
872 2080 153 58 Le
949 2080 307 58 Méridien
1179 2080 153 58 de
1256 2080 256 58 France
1435 2080 205 58 (les
1563 2080 332 58 pyramides
1793 2080 102 58 de

833 2153 189 56 son
941 2153 297 56 passage
1157 2153 135 56 à
1184 2153 243 56 Paris).

560 2213 364 65 *547
851 2213 316 65 Steamers.
1094 2213 121 65 6
1118 2213 219 65 études.

559 2285 371 62 *548
856 2285 247 62 Dieppe
1029 2285 568 62 (Seine-Inférieure),
1523 2285 124 62 3
1548 2285 222 62 études.

572 2359 374 61 *549
871 2359 174 61 Les
971 2359 249 61 Filets
1145 2359 299 61 (Dieppe,
1369 2359 548 61 Seine-Inférieure),
1817 2359 75 61 à

835 2435 253 54 marée
975 2435 225 54 basse.

565 2509 360 55 550
848 2509 231 55 Seize
1003 2509 257 55 francs
1183 2509 309 55 d’amende
1414 2509 154 55 et
1491 2509 180 55 les
1594 2509 257 55 frais.
1748 2509 129 55 Ap-

826 2579 333 52 partient
1076 2579 139 52 à
1131 2579 194 52 Mme
1214 2579 222 52 Chéry.

557 2648 412 56 *551
886 2648 165 56 Le
968 2648 329 56 courrier
1215 2648 192 56 des
1325 2648 247 56 Indes
1462 2648 412 56 Néerlandaises

830 2719 301 57 entrant
1049 2719 219 57 dans
1185 2719 164 57 le
1240 2719 356 57 Zuyder
