2200 3256
1124 377 130 58 37

407 495 336 57 GUÉRIN,
651 495 275 57 René,
834 495 183 57 né
925 495 153 57 à
986 495 366 57 Orléans.
1261 495 153 57 —
1322 495 244 57 362,
1474 495 214 57 rue
1566 495 336 57 Saint-

471 569 232 50 noré.
600 569 206 50 Paris.

599 676 351 36 573
875 676 151 36 Le
950 676 251 36 Réveil
1126 676 226 36 d’une
1251 676 201 36 Ondine

595 744 311 52 574
817 744 244 52 Coquette.

416 917 302 53 GUÉRIN
627 917 211 53 des
748 917 392 53 LONGRAIS,
1050 917 574 53 Pierre-Charles,
1533 917 181 53 né
1623 917 151 53 à
1654 917 242 53 Vimou-

472 986 257 58 tiers
644 986 314 58 (Orne).
872 986 143 58 —
929 986 228 58 174,
1072 986 200 58 rue
1186 986 171 58 du
1271 986 342 58 Faubourg
1500 986 399 58 Saint

448 1058 211 53 Paris.

590 1157 357 55 *575
876 1157 214 55 Livre
1018 1157 143 55 X,
1090 1157 285 55 chapitre
1304 1157 190 55 III,
1423 1157 404 55 Notre-Dame
1732 1157 190 55 de

859 1224 313 54 Paris
1114 1224 215 54 (Victor
1251 1224 156 54 Hugo).

583 1296 378 57 *576
885 1296 227 57 Place
1036 1296 277 57 Clichy,
1237 1296 151 57 de
1313 1296 126 57 8
1363 1296 126 57 à
1414 1296 126 57 9
1464 1296 277 57 heures,
1665 1296 151 57 le
1716 1296 201 57 matin.

588 1370 411 59 *577
916 1370 192 59 Sur
1026 1370 164 59 la
1108 1370 246 59 route
1272 1370 164 59 du
1354 1370 383 59 pélerinage
1655 1370 164 59 de
1710 1370 219 59 Notre-

843 1445 557 53 Dame-des-Anges.
1283 1445 469 53 (Montfermeil).

591 1517 348 53 *578
869 1517 209 53 Libre
985 1517 232 53 échange.

583 1592 376 64 *579
883 1592 125 64 A
934 1592 150 64 la
1009 1592 326 64 recherche
1259 1592 225 64 d’une
1409 1592 300 64 position
1610 1592 250 64 sociale.

607 1673 345 58 580
879 1673 148 58 Il
953 1673 123 58 y
1002 1673 123 58 a
1051 1673 296 58 marchand
1273 1673 123 58 à
1322 1673 197 58 deux
1421 1673 222 58 francs.

584 1754 422 58 581
916 1754 181 58 Un
1006 1754 452 58 brocanteur.
1368 1754 422 58 Appartient
1700 1754 151 58 à
1760 1754 181 58 M.
1821 1754 90 58 G

825 1827 240 49 Monier

594 1898 366 59 *582
886 1898 171 59 Sur
984 1898 171 59 les
1082 1898 220 59 bords
1228 1898 146 59 de
1301 1898 146 59 la
1350 1898 195 59 Marne.

586 1977 378 60 *583
888 1977 277 60 L’Etang
1089 1977 176 60 des
1190 1977 302 60 Septiles
1391 1977 403 60 (Montfermeil).

418 2151 344 52 GUILLOT,
676 2151 430 52 Jean-Vital,
1020 2151 172 52 né
1106 2151 143 52 à
1163 2151 315 52 Issoire
1364 2151 430 52 (Puy

467 2222 214 53 111,
601 2222 241 53 route
761 2222 160 53 de
842 2222 401 53 Versailles,
1162 2222 134 53 à
1216 2222 321 53 Boulogne
1430 2222 267 53 (Seine).

596 2319 370 54 *584
892 2319 173 54 Les
991 2319 222 54 sœurs
1114 2319 271 54 ennemies.

890 2406 171 48 Voir
997 2406 128 48 le
1061 2406 257 48 discours
1253 2406 128 48 de
1318 2406 214 48 Thiers
1468 2406 150 48 sur
1553 2406 128 48 le
1617 2406 171 48 sort
1724 2406 128 48 de
1767 2406 150 48 l'œuf

929 2465 131 43 de
995 2465 131 43 la
1060 2465 305 43 République
1300 2465 305 43 naissante.
1540 2465 153 43 Son
1627 2465 196 43 ombre
1736 2465 175 43 jointe

929 2522 105 44 à
971 2522 189 44 celle
1097 2522 126 44 de
1160 2522 210 44 Lazare
1307 2522 231 44 Carnot,
1475 2522 231 44 célèbre
1622 2522 294 44 organisateur

930 2578 235 46 planent
1100 2578 128 46 et
1164 2578 277 46 regardent
1378 2578 235 46 l’œuvre
1548 2578 320 46 s’accomplir
1783 2578 128 46 glo-

924 2635 286 43 rieusement
1128 2635 102 43 II!

591 2726 348 52 *585
869 2726 139 52 La
916 2726 232 52 baignade

871 2814 136 42 La
939 2814 317 42 répression
1189 2814 159 42 est
1279 2814 249 42 limitée
1461 2814 159 42 aux
1551 2814 227 42 bornes
1687 2814 227 42 départe-

920 2871 274 43 mentales.
1131 2871 148 43 les
1215 2871 316 43 grenouilles
1468 2871 169 43 s’en
1573 2871 232 43 donnent
1721 2871 105 43 II)
