2220 3240
1013 383 126 58 42
1055 383 63 58 —

283 499 387 61 LAGARDE,
573 499 355 61 Lucien,
832 499 194 61 né
928 499 161 61 à
993 499 323 61 Vannes
1219 499 484 61 (Morbihan).
1606 499 161 61 —
1639 499 161 61 21,

347 572 218 54 rue
440 572 622 54 Campagne

486 689 333 61 661
748 689 285 61 Portrait
961 689 143 61 de
1033 689 190 61 Mlle
1152 689 309 61 Françoise
1365 689 143 61 L...

491 767 329 61 662
750 767 282 61 Portrait
962 767 141 61 de
1033 767 165 61 Mme
1127 767 188 61 B...
1221 767 329 61 (Aquarelle).

484 847 354 58 663
762 847 228 58 Quand
913 847 152 58 le
989 847 177 58 vin
1090 847 177 58 est
1192 847 202 58 tiré
1318 847 152 58 il
1394 847 202 58 faut
1520 847 152 58 le
1571 847 202 58 boire.

735 925 379 56 Appartient
1033 925 135 56 à
1087 925 162 56 M.
1168 925 162 56 A.
1222 925 244 56 Pétrot.

479 1003 379 59 664
777 1003 162 59 La
858 1003 298 59 Légende
1074 1003 162 59 de
1128 1003 650 59 Saint

727 1079 390 64 Appartient
1034 1079 139 64 à
1089 1079 195 64 Mme
1173 1079 167 64 U...

483 1157 324 57 665
737 1157 208 57 Avant
876 1157 139 57 le
923 1157 208 57 Départ.

485 1238 350 58 663
760 1238 175 58 Les
860 1238 325 58 retraltés
1110 1238 150 58 de
1185 1238 150 58 la
1260 1238 250 58 douane
1435 1238 375 58 (appartient
1710 1238 75 58 à

735 1310 171 61 Mme
832 1310 147 61 J.
881 1310 196 61 Plet).

472 1394 349 58 667
746 1394 224 58 Etude
896 1394 150 58 de
971 1394 274 58 paysage
1145 1394 349 58 (aquarelle).

298 1593 291 56 LANOÉ,
501 1593 349 56 Georges,
763 1593 174 56 né
850 1593 145 56 à
909 1593 320 56 Nantes.
1141 1593 145 56 —
1199 1593 233 56 203,
1345 1593 378 56 boulevard
1607 1593 174 56 Ras-

354 1665 221 58 pail;
476 1665 196 58 Paris.

456 1786 412 54 *668
785 1786 247 54 Etang
950 1786 302 54 breton,
1170 1786 137 54 à
1225 1786 412 54 Lambezellec
1528 1786 247 54 (Finis

690 1855 213 60 tère).

288 2041 417 55 LASELLAZ,
609 2041 385 55 Gustave,
898 2041 193 55 né
994 2041 160 55 à
1058 2041 321 55 Paris.
1283 2041 160 55 —
1347 2041 225 55 23,
1443 2041 353 55 boulevard

324 2112 561 55 Gouvion

467 2233 393 55 669
775 2233 168 55 La
860 2233 252 55 Faute
1028 2233 168 55 de
1112 2233 280 55 l’abbé
1308 2233 308 55 Mouret.
1533 2233 252 55 (Tiré
1673 2233 112 55 du

719 2303 247 54 roman
883 2303 165 54 de
966 2303 165 54 M.
1048 2303 165 54 E.
1103 2303 220 54 Zola).

465 2374 401 55 670
780 2374 200 55 Fin
895 2374 172 55 du
981 2374 258 55 jour;
1152 2374 172 55 au
1238 2374 286 55 marché
1439 2374 172 55 de
1524 2374 172 55 la
1582 2374 200 55 Made

708 2445 176 55 leine.

486 2518 332 51 671
747 2518 142 51 La
795 2518 285 51 Rencontre.

488 2587 308 55 672
730 2587 154 55 Les
796 2587 286 55 Confitures.

489 2657 288 56 673
716 2657 124 56 Le
757 2657 206 56 Cellier.

495 2728 283 54 674
697 2728 182 54 Nérine.

486 2800 335 54 675
749 2800 287 54 Environs
964 2800 143 54 de
1012 2800 215 54 Mantes.

481 2873 308 54 676
723 2873 242 54 Pierres
878 2873 264 54 celtiques.
