2224 3232
1043 391 128 63 —
1094 391 153 63 43-

408 512 425 58 LECLERCQ,
735 512 425 58 Théodore,
1062 512 196 58 né
1160 512 163 58 à
1225 512 392 58 Oresmaux
1487 512 294 58 (Somme)

461 581 188 58 10,
569 581 188 58 rue
676 581 161 58 du
757 581 296 58 Regard.
945 581 215 58 Paris.

593 684 308 54 677
813 684 264 54 Indécision

588 753 320 55 678
839 753 274 55 Portrait
1045 753 137 55 de
1113 753 160 55 Mme
1182 753 137 55 L...

590 825 291 59 679
798 825 146 59 Bébé.

407 1006 627 55 LEFEBVRE-LOURDET,
945 1006 359 55 Maurice,
1214 1006 179 55 né
1303 1006 149 55 à
1363 1006 299 55 Paris.
1572 1006 149 55 —
1632 1006 209 55 82,
1722 1006 179 55 bou-

462 1077 266 53 levard
649 1077 160 53 de
702 1077 240 53 Clichy.

577 1173 343 56 *680
852 1173 183 56 Robe
943 1173 229 56 crevette

578 1245 355 58 *681
862 1245 189 58 Robe
957 1245 189 58 mauve.

395 1421 299 60 LEGUAY,
613 1421 490 60 Charles-Henri,
1021 1421 163 60 né
1103 1421 136 60 à
1157 1421 272 60 Paris.
1348 1421 136 60 —
1402 1421 191 60 29,
1511 1421 191 60 rue
1620 1421 163 60 de
1674 1421 218 60 Turin.

584 1525 333 52 682
846 1525 309 52 Rencontre
1084 1525 143 52 au
1131 1525 167 52 bois.

579 1595 368 56 683
868 1595 289 56 Grandes
1052 1595 316 56 manœuvres.

410 1780 371 55 LEJEUNE,
688 1780 556 55 Edouard-Angel,
1151 1780 185 55 né
1244 1780 154 55 à
1306 1780 247 55 Caen
1429 1780 371 55 (Calvados)

468 1850 183 54 26,
572 1850 183 54 rue
677 1850 183 54 des
781 1850 313 54 Jardies,
1016 1850 130 54 à
1068 1850 313 54 Bellevue
1277 1850 470 54 (Seine

579 1943 357 63 *684
865 1943 238 63 Chemin
1032 1943 143 63 de
1103 1943 143 63 la
1151 1943 262 63 carrière.

591 2021 372 58 685
884 2021 159 58 Au
963 2021 372 58 Bas-Meudon
1256 2021 319 58 (étude).
1468 2021 266 58 Panneau.

589 2088 377 61 *686
890 2088 151 61 Au
965 2088 201 61 bois
1091 2088 151 61 de
1166 2088 301 61 Bellevue
1392 2088 301 61 (étude).
1593 2088 251 61 Panneau.

590 2159 359 62 *687
878 2159 168 62 Vue
973 2159 144 62 de
1045 2159 312 62 Bellevue,
1285 2159 168 62 sur
1381 2159 359 62 Billancourt
1644 2159 240 62 (étude).

574 2234 420 56 *688
910 2234 280 56 Chemin
1106 2234 196 56 sur
1218 2234 168 56 le
1302 2234 308 56 plateau
1526 2234 196 56 des
1610 2234 280 56 Bruyères

846 2304 258 54 (petite
1010 2304 211 54 gelée).

572 2377 376 60 *689
872 2377 225 60 Chène
1023 2377 200 60 dans
1148 2377 175 60 les
1248 2377 275 60 taillis
1448 2377 150 60 au
1523 2377 200 60 bois
1649 2377 150 60 de
1699 2377 200 60 Meudon

834 2449 353 54 (première
1078 2449 245 54 neige).

580 2521 366 58 690
862 2521 197 58 Une
974 2521 225 58 mare
1115 2521 169 58 au
1200 2521 225 58 bois
1341 2521 169 58 de
1425 2521 282 58 Meudon
1594 2521 310 58 (première

818 2588 216 55 neige).

597 2665 365 55 691
884 2665 156 55 La
962 2665 235 55 neige
1119 2665 183 55 sur
1223 2665 156 55 le
1301 2665 287 55 plateau
1510 2665 183 55 des
1614 2665 313 55 Bruyères
1823 2665 78 55 à

843 2734 350 57 Bellevue,
1112 2734 404 57 (Appartient
1435 2734 135 57 à
1489 2734 161 57 M.
1543 2734 269 57 Wisler).

577 2806 368 57 *692
872 2806 246 57 Chemin
1044 2806 196 57 dans
1167 2806 147 57 le
1241 2806 270 57 taillis
1437 2806 270 57 (grande
1609 2806 221 57 étude).

586 2877 346 59 *693
863 2877 277 59 Toujours
1070 2877 138 59 en
1140 2877 208 59 plein
1278 2877 254 59 taillis
1463 2877 346 59 (Bellevue),
1716 2877 185 59 étude.
