2212 3244
972 337 210 59 —
1014 337 168 59 53

509 444 353 66 *844
792 444 141 66 En
862 444 306 66 Bretagne,
1098 444 141 66 n°
1145 444 94 66 2.

512 515 356 64 *845
797 515 142 64 En
868 515 309 64 Bretagne,
1106 515 142 64 n°
1153 515 95 64 3.

515 587 367 65 *846
808 587 147 65 En
881 587 318 65 Bretagne,
1101 587 147 65 n°4.

522 656 350 66 *847
802 656 140 66 En
872 656 303 66 Bretagne,
1105 656 140 66 n°
1152 656 93 66 5.

518 730 353 62 *848
801 730 235 62 Nature
966 730 235 62 morte,
1131 730 141 62 n°
1178 730 94 62 1.

518 796 361 69 *849
806 796 240 69 Nature
975 796 240 69 morte,
1143 796 144 69 n°
1191 796 72 69 2

506 869 357 69 *850
792 869 238 69 Nature
959 869 238 69 morte,
1125 869 143 69 n°
1173 869 95 69 3.

363 1063 187 61 OSBERT,
499 1063 221 61 Alphonse,
669 1063 102 61 né
720 1063 85 61 à
754 1063 153 61 Paris
857 1063 85 61 —
891 1063 85 61 7
925 1063 102 61 et
976 1063 102 61 9,
1027 1063 119 61 rue
1078 1063 136 61 Alain

392 1137 285 56 Chartier.

535 1261 343 64 851
805 1261 294 64 Couchant
1026 1261 172 64 sur
1124 1261 147 64 la
1173 1261 147 64 mer.

545 1336 335 67 852
808 1336 191 67 Dans
928 1336 167 67 les
1000 1336 215 67 champs.

535 1415 347 64 853
808 1415 199 64 Dans
932 1415 174 64 les
1032 1415 298 64 bouleaux
1255 1415 149 64 le
1304 1415 199 64 matin.

542 1490 337 64 854
807 1490 145 64 En
879 1490 169 64 vue
976 1490 145 64 de
1024 1490 265 64 Pontoise.

548 1571 340 66 855
815 1571 195 66 Dans
937 1571 170 66 les
1034 1571 243 66 sables
1204 1571 146 66 de
1277 1571 268 66 Biville
1447 1571 268 66 (Manche).

547 1646 347 69 856
820 1646 223 69 Marée
969 1646 223 69 basse
1117 1646 149 69 le
1192 1646 198 69 soir
1316 1646 124 69 à
1365 1646 297 69 Diélette
1563 1646 273 69 (Manche).

544 1724 356 67 857
823 1724 229 67 Route
976 1724 152 67 de
1052 1724 407 67 Chennevières
1357 1724 457 67 (Seine

544 1804 325 65 858
799 1804 139 65 Le
869 1804 186 65 soir
985 1804 162 65 sur
1077 1804 139 65 la
1124 1804 139 65 mer.

357 2027 324 61 OSBERT,
592 2027 324 61 Edmond.
828 2027 147 61 —
886 2027 206 61 38,
1004 2027 206 61 rue
1122 2027 324 61 Singer,
1328 2027 412 61 Paris

542 2123 342 63 859
810 2123 367 63 Crépuscule.
1079 2123 220 63 Fusain,

537 2200 336 64 860
801 2200 144 64 Au
873 2200 240 64 large.
1017 2200 216 64 Fuiasn.

354 2446 327 63 PAQUEAU,
599 2446 300 63 Gaston,
817 2446 164 63 né
899 2446 136 63 à
953 2446 436 63 Schiltigheim
1308 2446 354 63 (Alsace).
1580 2446 136 63 —
1635 2446 191 63 30,
1717 2446 136 63 rue

427 2517 756 58 Notre-Dame-des-Champs,
1066 2517 233 58 Paris.

543 2646 321 61 861
772 2646 275 61 «Pensive».

551 2718 310 61 862
795 2718 133 61 Au
839 2718 244 61 Calvaire.

509 2821 198 64 .....
641 2821 198 64 «Près
773 2821 132 64 de
839 2821 176 64 lui,
950 2821 308 64 lentement,
1192 2821 308 64 Magdeleine
1434 2821 154 64 est
1523 2821 242 64 montée»
1699 2821 154 64 Ch.
1765 2821 88 64 P.
