2304 3252
1036 288 158 66 62
1088 288 79 66 —

316 406 355 67 ROBERT,
574 406 613 67 Armand-Auguste,
1091 406 194 67 né
1187 406 161 67 à
1252 406 194 67 la
1349 406 291 67 Ferté
1510 406 323 67 sur

379 484 513 64 (Haute-Marme).
807 484 143 64 —
864 484 200 64 45,
978 484 200 64 rue
1092 484 285 64 Vavin,
1263 484 228 64 Paris.

456 594 409 69 1007
783 594 245 69 Vieux
946 594 272 69 saules
1137 594 191 69 sur
1246 594 191 69 les
1355 594 245 69 bords
1518 594 163 69 de
1573 594 245 69 l’Aube.

456 675 396 66 1008
773 675 158 66 La
852 675 238 66 Fosse
1010 675 158 66 de
1089 675 158 66 la
1169 675 317 66 Prairie,
1406 675 132 66 à
1459 675 158 66 la
1512 675 317 66 Ferté

707 755 235 59 Aube.

308 935 340 66 ROBERT,
556 935 340 66 Eugène,
803 935 186 66 né
896 935 155 66 à
958 935 309 66 Paris.
1143 935 93 66 —

1226 938 196 64 25,
1338 938 196 64 rue
1422 938 336 64 Clapeyron.

471 1052 351 60 1009
751 1052 234 60 L’Oise
915 1052 117 60 à
939 1052 257 60 Pontoise.

472 1130 385 60 1010
780 1130 154 60 Le
857 1130 231 60 vieux
1011 1130 256 60 moulin
1190 1130 154 60 de
1241 1130 385 60 Villefranche.

473 1207 358 60 1011
760 1207 143 60 Le
832 1207 191 60 port
951 1207 143 60 de
999 1207 167 60 Nice.

457 1288 393 58 1012
771 1288 157 58 Le
850 1288 262 58 marché
1033 1288 157 58 du
1112 1288 262 58 Cours,
1295 1288 131 58 à
1322 1288 183 58 Nice.

467 1364 335 60 1013
713 1364 224 60 Falieou.

458 1443 398 60 1014
777 1443 266 60 Chemin
963 1443 159 60 de
1016 1443 372 60 Saint

320 1641 296 60 ROBIN,
528 1641 296 60 Louis,
735 1641 178 60 né
824 1641 148 60 à
883 1641 474 60 Villefranche
1268 1641 355 60 (Rhône).
1534 1641 148 60 —
1593 1641 207 60 23,
1682 1641 148 60 rue

388 1719 317 58 Oudinot,
599 1719 211 58 Paris.

459 1831 384 60 1015
767 1831 179 60 Une
869 1831 230 60 jeune
997 1831 179 60 mère.

321 1909 245 62 ROUGÉ
484 1909 217 62 (Mme
620 1909 217 62 de),
755 1909 272 62 Julie,
946 1909 163 62 né
1027 1909 136 62 à
1082 1909 272 62 Paris.
1272 1909 136 62 —
1326 1909 190 62 19,
1435 1909 217 62 quai
1543 1909 272 62 Bourbon.

479 1986 420 66 1016
815 1986 196 66 Les
927 1986 392 66 Flammiers,
1234 1986 224 66 près
1374 1986 252 66 Reims
1514 1986 280 66 (Marne).

760 2065 310 60 Aquarelle.

457 2143 424 62 1017
796 2143 368 62 Tinqueux,
1079 2143 226 62 près
1220 2143 254 62 Reims
1390 2143 339 62 (Marne).
1616 2143 198 62 Aqua

721 2223 188 60 relle.

313 2420 339 63 ROUILLE,
567 2420 254 63 Léon,
737 2420 170 63 né
822 2420 141 63 à
878 2420 339 63 Josselin
1133 2420 424 63 (Morbihan).
1472 2420 141 63 —
1528 2420 198 63 20,
1613 2420 198 63 place

379 2497 185 59 des
484 2497 290 59 Halles,
695 2497 290 59 Ancenis
880 2497 554 59 (Loire

452 2610 376 61 1018
753 2610 276 61 Matinée
953 2610 150 61 de
1028 2610 276 61 juillet
1229 2610 150 61 au
1304 2610 200 61 bord
1429 2610 150 61 de
1504 2610 150 61 la
1555 2610 200 61 Loire.

444 2691 399 60 1019
764 2691 319 60 Environs
1003 2691 346 60 d’Ancenis
1270 2691 160 60 (4
1349 2691 319 60 pochades
1589 2691 213 60 dans
1696 2691 106 60 un

698 2769 262 63 cadre).
