2092 3244
972 311 160 60 —
1036 311 192 60 63
1100 311 96 60 —

324 431 341 60 ROUSSEAU,
586 431 263 60 Henri,
770 431 158 60 né
849 431 131 60 à
902 431 263 60 Laval.
1086 431 131 60 —
1138 431 158 60 18
1217 431 394 60 bis,
1532 431 289 60 impasse
1716 431 105 60 du

768 505 245 54 Maine
904 505 218 54 Paris.

453 603 412 56 *1020
788 603 155 56 Un
865 603 361 56 centenaire
1149 603 155 56 de
1200 603 438 56 l’indépendance.

901 687 135 42 Le
968 687 225 42 peuple
1125 687 202 42 danse
1260 687 225 42 autour
1418 687 157 42 des
1508 687 180 42 deux
1598 687 157 42 Répu-

939 743 243 43 bliques,
1121 743 182 43 celle
1243 743 122 43 de
1303 743 162 43 1792
1405 743 122 43 et
1465 743 182 43 celle
1587 743 122 43 de
1627 743 122 43 1892

935 800 133 41 se
1001 800 243 41 donnant
1178 800 133 41 la
1244 800 177 41 main
1355 800 155 41 sur
1443 800 199 41 l’air
1575 800 155 41 de:
1642 800 110 41 Au-

951 857 161 43 près
1051 857 120 43 de
1112 857 120 43 ma
1172 857 221 43 blonde,
1332 857 181 43 qu’il
1453 857 161 43 fait
1553 857 161 43 bon,
1634 857 120 43 fait

944 914 155 43 bon,
1041 914 155 43 fait
1138 914 155 43 bon,
1215 914 117 43 etc.

473 1014 403 56 1021
796 1014 323 56 Portrait
1038 1014 161 56 de
1119 1014 215 56 Mlle
1253 1014 269 56 Jeanne
1441 1014 403 56 (Appartient
1737 1014 81 56 à

771 1087 143 54 M.
819 1087 167 54 R...)

482 1156 359 54 1022
769 1156 287 54 Portrait
985 1156 144 54 de
1057 1156 168 54 Mme
1128 1156 144 54 L...

470 1227 433 55 *1023
822 1227 189 55 Vue
930 1227 162 55 de
1011 1227 162 55 la
1092 1227 244 55 porte
1255 1227 162 55 du
1336 1227 406 55 Bas-Meudon,
1634 1227 189 55 après

766 1300 140 52 la
812 1300 187 52 pluie.

474 1367 387 54 1024
783 1367 180 54 Vue
887 1367 155 54 du
964 1367 206 54 pont
1093 1367 155 54 de
1170 1367 309 54 Grenelle
1376 1367 361 54 (Trocadéro).

457 1441 449 55 1025
826 1441 396 55 Débardeurs.
1143 1441 291 55 Dessin.
1355 1441 396 55 (Appartient
1672 1441 132 55 à
1698 1441 132 55 mon

744 1511 209 56 ami
863 1511 298 56 Claude
1043 1511 269 56 Goubot.

332 1692 305 59 ROUSSEL,
560 1692 482 59 Henri-François,
966 1692 152 59 né
1042 1692 127 59 à
1093 1692 254 59 Paris.
1271 1692 127 59 —
1322 1692 203 59 122,
1423 1692 127 59 rue

363 1765 268 57 d’Assas.

489 1864 349 57 1026
768 1864 233 57 Saules
931 1864 140 57 et
978 1864 279 57 Peupliers.

475 1936 382 57 1027
780 1936 229 57 Champ
933 1936 153 57 de
984 1936 357 57 Coquelicots.

477 2006 349 56 1628
756 2006 210 56 Effet
896 2006 140 56 de
942 2006 303 56 brouillard.

476 2075 377 59 1029
777 2075 226 59 Bords
928 2075 151 59 de
1003 2075 151 59 la
1079 2075 226 59 Seine
1229 2075 126 59 à
1255 2075 301 59 Bonnières.

469 2150 369 55 1030
764 2150 295 55 Barrière
986 2150 197 55 dans
1108 2150 147 55 un
1158 2150 147 55 pré.

471 2220 344 58 1031
746 2220 206 58 Allée
884 2220 138 58 de
930 2220 206 58 jardin.

476 2290 371 61 1032
773 2290 272 61 Maisons
971 2290 124 61 à
995 2290 223 61 Glaton.

328 2472 223 66 ROY,
467 2472 279 66 Louis,
663 2472 167 66 né
746 2472 139 66 à
802 2472 307 66 Poligny
1025 2472 334 66 (Jura).—
1276 2472 223 66 213,
1415 2472 195 66 rue
1499 2472 334 66 Lafayette,

366 2547 200 57 Paris.

483 2650 343 54 1033
735 2650 229 54 Paysans.

468 2720 385 56 1034
776 2720 154 56 La
853 2720 257 56 Vallée
1033 2720 154 56 de
1110 2720 205 56 Vaux
1238 2720 180 56 sur
1315 2720 257 56 Poligny.

467 2789 369 59 1035
762 2789 221 59 Etude
910 2789 197 59 dans
1033 2789 147 59 le
1082 2789 172 59 Jura.
