2328 3228
985 291 158 56 —
1048 291 189 56 66
1111 291 95 56 —

486 410 365 54 1071
778 410 195 54 Pour
899 410 146 54 la
948 410 219 54 France.

490 482 375 54 1072
790 482 300 54 Portrait
1015 482 150 54 de
1090 482 150 54 M.
1165 482 175 54 Ch.
1240 482 200 54 Boyer.

350 661 328 58 SERRET,
589 661 627 58 Charles-Emmanuel,
1126 661 179 58 né
1215 661 149 58 à
1275 661 328 58 Aubenas
1484 661 358 58 (Ardèche).

486 730 189 55 53,
594 730 351 55 boulevard
864 730 297 55 Bineau,
1053 730 270 55 Neuilly.

494 834 325 59 1073
754 834 130 59 La
798 834 173 59 lutte.

490 910 368 54 1074
785 910 147 54 La
834 910 368 54 conversation.

492 980 366 54 1075
784 980 293 54 Attendre
1004 980 171 54 son
1077 980 171 54 tour.

490 1051 392 54 1076
803 1051 287 54 Comment
986 1051 418 54 t’appelles

492 1121 362 56 1077
781 1121 145 56 La
830 1121 241 56 comédie.

494 1195 379 51 1078
797 1195 152 51 Le
873 1195 278 51 journal
1076 1195 126 51 à
1126 1195 152 51 la
1177 1195 278 51 campagne.

494 1263 364 52 1079
785 1263 170 52 Les
882 1263 267 52 petites
1051 1263 364 52 chasseresses.

503 1335 363 57 1080
794 1335 145 57 La
866 1335 194 57 sœur
963 1335 194 57 ainée.

348 1518 151 65 ★
408 1518 332 65 SEURAT,
650 1518 362 65 Georges.
921 1518 151 65 —
952 1518 362 65 1859

492 1633 389 57 1081
804 1633 182 57 Une
907 1633 312 57 Baignade
1141 1633 286 57 (1884),
1349 1633 234 57 prété
1505 1633 182 57 par
1608 1633 182 57 Mme
1686 1633 156 57 Seu

785 1707 122 55 rat.

495 1781 409 50 1082
822 1781 164 50 Un
904 1781 327 50 Dimanche
1149 1781 136 50 à
1203 1781 164 50 la
1285 1781 463 50 Grande-Jatte,
1639 1781 191 50 1884,

799 1847 258 56 (1886)
980 1847 232 56 prêté
1135 1847 181 56 par
1238 1847 207 56 Mmne
1342 1847 232 56 Seurat.

504 1920 403 55 1083
827 1920 323 55 Esquisse
1069 1920 188 55 des
1176 1920 376 55 «Poseuses»
1472 1920 296 55 (1888),
1660 1920 188 55 prêté

798 1990 190 55 par
906 1990 163 55 M.
988 1990 244 55 Jules
1123 1990 353 55 Christophe.

489 2059 399 58 1084
808 2059 266 58 Parade
994 2059 159 58 de
1074 2059 266 58 cirque
1260 2059 292 58 (1888),
1473 2059 239 58 prêté
1632 2059 186 58 par
1712 2059 133 58 Mme

762 2131 240 55 Seurat.

491 2203 408 54 *1085
822 2203 230 54 Jeune
975 2203 230 54 femme
1128 2203 153 54 se
1205 2203 306 54 poudrant
1409 2203 230 54 (1889).

488 2275 404 55 1086
812 2275 324 55 Esquisse
1054 2275 162 55 du
1135 2275 324 55 «Chahut»
1378 2275 270 55 (1890)
1566 2275 243 55 prêté
1701 2275 135 55 par

802 2344 158 57 M.
881 2344 158 57 P.
933 2344 105 57 S.

509 2417 375 54 1087
809 2417 250 54 Cirque
984 2417 250 54 (1891)
1160 2417 225 54 prêté
1310 2417 175 54 par
1410 2417 175 54 Mme
1485 2417 225 54 Seurat.

862 2489 287 53 BORDS
1054 2489 192 53 DE
1118 2489 224 53 SEINE

488 2560 415 54 1088
820 2560 249 54 Etude
986 2560 221 54 pour
1125 2560 194 54 «Un
1235 2560 332 54 dimanche
1484 2560 138 54 à
1540 2560 166 54 la
1595 2560 249 54 Grande-

788 2632 270 55 Jatte»
977 2632 297 55 (1884),
1193 2632 243 55 prêté
1355 2632 189 55 par
1463 2632 162 55 M.
1517 2632 243 55 Appert.

504 2702 387 60 1089
814 2702 155 60 La
891 2702 232 60 Seine
1046 2702 129 60 à
1097 2702 361 60 Courbevoie
1381 2702 284 60 (1885),
1587 2702 232 60 prêté
1716 2702 129 60 par

802 2775 158 55 M.
881 2775 158 55 P.
933 2775 105 55 S.
