2248 3280
896 379 155 64 —
958 379 186 64 71
1020 379 93 64 —

232 502 625 58 TOULOUSE-LAUTREC
763 502 281 58 (de),
950 502 312 58 Henri,
1169 502 187 58 né
1262 502 156 58 à
1325 502 250 58 Albi
1450 502 281 58 (Tarm).

306 576 181 55 27,
409 576 181 55 rue
513 576 413 55 Caulincourt,
822 576 207 55 Paris.

387 673 393 54 1167
701 673 157 54 La
780 673 262 54 Goulue
963 673 157 54 et
1042 673 157 54 sa
1121 673 210 54 sœur
1225 673 446 54 (Moulin

380 746 413 52 1168
711 746 165 52 La
794 746 303 52 Goulue;
1014 746 248 52 repos
1179 746 248 52 entre
1344 746 220 52 deux
1482 746 248 52 tours
1620 746 110 52 de

677 814 243 54 valse
812 814 460 54 (Moulin

385 890 395 49 1169
701 890 158 49 La
780 890 263 49 Goulue
964 890 290 49 entrant
1174 890 158 49 au
1227 890 395 49 Moulin

401 956 356 54 1170
686 956 214 54 Celle
829 956 166 54 qui
924 956 143 54 se
995 956 238 54 peigne
1162 956 166 54 (n°
1233 956 95 54 1)

383 1028 355 56 1171
667 1028 213 56 Celle
809 1028 165 56 qui
903 1028 142 56 se
974 1028 236 56 peigne
1140 1028 165 56 (n°
1211 1028 118 56 2).

384 1102 395 52 1172
700 1102 237 52 Femme
832 1102 184 52 brune

382 1172 391 53 1173
694 1172 286 53 Affiche
903 1172 208 53 pour
1033 1172 156 53 le
1111 1172 417 53 Moulin-Rouge
1450 1172 182 53 (2e
1528 1172 182 53 état)

247 1309 371 58 TRAVERS,
525 1309 525 58 Désiré-Louis,
958 1309 185 58 né
1050 1309 154 58 à
1112 1309 309 58 Brest.
1328 1309 154 58 —
1390 1309 216 58 12,
1514 1309 216 58 rue
1606 1309 124 58 de

300 1383 318 56 Chabrol,
513 1383 212 56 Paris.

373 1502 400 45 *1174
698 1502 200 45 Baie
823 1502 150 45 de
898 1502 350 45 Bertheaume
1174 1502 400 45 (Finistère).
1474 1502 250 45 Division

675 1558 346 46 cuirassée
942 1558 320 46 rentrant
1181 1558 133 46 à
1208 1558 213 46 Brest.

361 1624 412 52 *1175
696 1624 309 52 Division
927 1624 335 52 cuirassée
1185 1624 283 52 engagée
1391 1624 206 52 dans
1519 1624 154 52 le
1571 1624 154 52 pas-

673 1696 207 55 sage
802 1696 155 55 du
880 1696 207 55 Four
1009 1696 413 55 (Finistère).
1345 1696 232 55 Effet
1499 1696 155 55 de
1551 1696 155 55 nuit

373 1769 396 52 1176
689 1769 290 52 Cuisine
901 1769 158 52 en
980 1769 317 52 sous-sol
1217 1769 158 52 au
1297 1769 290 52 château
1508 1769 158 52 du
1561 1769 158 52 Che-

663 1836 215 55 vain
798 1836 350 55 (Sarthe).
1067 1836 377 55 Appartient
1363 1836 135 55 à
1417 1836 188 55 Mme
1498 1836 215 55 Levas

641 1909 417 55 seur

359 1981 433 52 *1177
711 1981 731 52 Saint-Valery-sur-Somme.
1360 1981 189 52 Vue
1468 1981 244 52 prise
1604 1981 108 52 du

641 2051 228 54 Crotoy

366 2124 435 55 *1178
719 2124 163 55 Le
801 2124 245 55 petit
964 2124 217 55 port
1100 2124 163 55 du
1181 2124 272 55 Crotoy
1372 2124 326 55 (Somme).
1589 2124 136 55 Vue

670 2194 239 55 prise
829 2194 159 55 de
908 2194 159 55 la
961 2194 212 55 Digue.

233 2335 336 55 TRILHE,
477 2335 519 55 Ernest-Félix,
904 2335 183 55 né
995 2335 153 55 à
1056 2335 305 55 Paris.
1270 2335 153 55 —
1331 2335 214 55 54,
1453 2335 275 55 route
1605 2335 122 55 de

295 2406 310 56 Chatou,
520 2406 169 56 Le
576 2406 282 56 Vésinet.

371 2491 380 55 1179
675 2491 304 55 Portrait
903 2491 152 55 de
979 2491 253 55 Madame
1156 2491 152 55 B.
1207 2491 152 55 L...

380 2563 369 57 1189
675 2563 147 57 Le
749 2563 221 57 matin
897 2563 147 57 du
946 2563 221 57 départ.

218 2703 266 59 URBAN
396 2703 296 59 (Mme),
603 2703 355 59 Ernesta,
869 2703 207 59 née
987 2703 148 59 à
1046 2703 296 59 Vienne
1224 2703 384 59 (Autriche).

295 2775 155 59 7,
373 2775 232 59 villa
527 2775 412 59 Michel-Ange,
836 2775 258 59 Auteuil.

357 2860 363 55 *1181
629 2860 295 55 Pensierosa.
